@article{2012,
  author = {CMS/CERN},
  title = {{A New Boson with a Mass of 125 GeV Observed with the CMS Experiment at the Large Hadron Collider}},
  volume = {338},
  number = {6114},
  pages = {1569-1575},
  year = {2012},
  doi = {10.1126/science.1230816},
  eprint = {http://www.sciencemag.org/content/338/6114/1569.full.pdf},
  journal = {Science},
}


@article{Holstein_2009,
  doi = {10.1088/1742-6596/173/1/012019},
  url = {http://dx.doi.org/10.1088/1742-6596/173/1/012019},
  year = {2009},
  month = {jun},
  publisher = {{IOP} Publishing},
  volume = {173},
  pages = {012019},
  author = {Barry R Holstein},
  title = {{The mysterious disappearance of Ettore Majorana}},
  journal = {J. Phys.: Conf. Ser.},
}


@article{Heinonen_2011,
  doi = {10.1108/00400911111185008},
  url = {http://dx.doi.org/10.1108/00400911111185008},
  year = {2011},
  month = {nov},
  publisher = {Emerald},
  volume = {53},
  number = {8/9},
  pages = {659--672},
  author = {Jarna Heinonen and Ulla Hytti and Pekka Stenholm},
  editor = {Harry Matlay},
  title = {{The role of creativity in opportunity search and business idea creation}},
  journal = {Education & Training},
}


@misc{Frame61:online,
  author = {P21},
  title = {{Framework for 21st Century Learning}},
  howpublished = {\url{http://www.p21.org/our-work/p21-framework}},
  month = {},
  year = {2015},
  note = {(Visited on 02/03/2016)},
}


@article{Sharma_2005,
  doi = {10.1177/097133360501700104},
  url = {http://dx.doi.org/10.1177/097133360501700104},
  year = {2005},
  month = {mar},
  publisher = {{SAGE} Publications},
  volume = {17},
  number = {1},
  pages = {51--80},
  author = {R. Sharma},
  title = {{Identifying a Framework for Initiating Sustaining and Managing Innovations in Schools}},
  journal = {Psychology {\&} Developing Societies},
}


@online{StopI4:online,
  author = {Will Richardson},
  title = {{Stop Innovating in Schools. Please. â€” Medium}},
  howpublished = {\url{https://medium.com/@willrich45/stop-innovating-in-schools-please-b9246151be7#.f0dbcyope}},
  month = {mar},
  year = {2016},
  note = {(Accessed on 06/03/2016)},
}
